<?xml version="1.0" encoding="UTF-8"?><collection xmlns="http://www.loc.gov/MARC21/slim"><record><leader>00344nam--2200121-i-4500</leader><controlfield tag="001">000039934</controlfield><controlfield tag="002">20161230</controlfield><controlfield tag="005">20161230201042</controlfield><controlfield tag="008">060222s1000------------r-----000-0-eng-d</controlfield><datafield ind1=" " ind2=" " tag="100"><subfield code="a">Saal,C. Si Sotirescu,N</subfield></datafield><datafield ind1=" " ind2=" " tag="245"><subfield code="a">Calculul transformatoarelor de mica putere cu ajutorul nomogramelor</subfield></datafield><datafield ind1=" " ind2=" " tag="260"><subfield code="a">Bucuresti, Ed.Militara, 1957. 72 P</subfield></datafield><datafield ind1=" " ind2=" " tag="852"><subfield code="a">4685</subfield></datafield></record></collection>